<?xml version="1.0" encoding="UTF-8"?><collection xmlns="http://www.loc.gov/MARC21/slim"><record><leader>00516nam--2200181-i-4500</leader><controlfield tag="001">000039153</controlfield><controlfield tag="002">20161230</controlfield><controlfield tag="005">20161230201042</controlfield><controlfield tag="008">060222s1000------------r-----000-0-eng-d</controlfield><datafield ind1=" " ind2=" " tag="040"><subfield code="a">IFIN-HH</subfield></datafield><datafield ind1="1" ind2=" " tag="100"><subfield code="a">Riordan, John</subfield></datafield><datafield ind1="1" ind2="0" tag="245"><subfield code="a">An introduction to combinatorial analysis</subfield><subfield code="c">John Riordan</subfield></datafield><datafield ind1=" " ind2=" " tag="260"><subfield code="a">New York, John Wiley &amp; Sons, Inc.,1958</subfield></datafield><datafield ind1=" " ind2=" " tag="300"><subfield code="a">X + 244 P</subfield></datafield><datafield ind1=" " ind2=" " tag="490"><subfield code="a">A Wiley Publication in Mathematical Statistics</subfield></datafield><datafield ind1=" " ind2=" " tag="650"><subfield code="a">Probabilities</subfield></datafield><datafield ind1=" " ind2=" " tag="852"><subfield code="a">19371</subfield><subfield code="c">519.2</subfield></datafield><datafield ind1=" " ind2=" " tag="CAT"><subfield code="a">Sys</subfield><subfield code="c">20100520</subfield><subfield code="h">132426</subfield></datafield></record></collection>